@inproceedings{deng2019arcface,
  title={ArcFace: Additive Angular Margin Loss for Deep Face Recognition},
  author={Deng, Jiankang and Guo, Jia and Xue, Niannan and Zafeiriou, Stefanos},
  booktitle={Proceedings of the IEEE/CVF Conference on Computer Vision and Pattern Recognition (CVPR)},
  pages={4690--4699},
  year={2019}
}

@inproceedings{wang2018cosface,
  title={CosFace: Large Margin Cosine Loss for Deep Face Recognition},
  author={Wang, Hao and Wang, Yitong and Zhou, Zheng and Ji, Xing and Gong, Dihong and Zhou, Jingchao and Li, Zhifeng and Liu, Wei},
  booktitle={Proceedings of the IEEE Conference on Computer Vision and Pattern Recognition (CVPR)},
  pages={5265--5274},
  year={2018}
}

@inproceedings{liu2017sphereface,
  title={SphereFace: Deep Hypersphere Embedding for Face Recognition},
  author={Liu, Weiyang and Wen, Yandong and Yu, Zhiding and Li, Ming and Raj, Bhiksha and Song, Le},
  booktitle={Proceedings of the IEEE Conference on Computer Vision and Pattern Recognition (CVPR)},
  pages={212--220},
  year={2017}
}

@inproceedings{schroff2015facenet,
  title={FaceNet: A Unified Embedding for Face Recognition and Clustering},
  author={Schroff, Florian and Kalenichenko, Dmitry and Philbin, James},
  booktitle={Proceedings of the IEEE Conference on Computer Vision and Pattern Recognition (CVPR)},
  pages={815--823},
  year={2015}
}

@inproceedings{selvaraju2017gradcam,
  title={Grad-CAM: Visual Explanations from Deep Networks via Gradient-based Localization},
  author={Selvaraju, Ramprasaath R. and Cogswell, Michael and Das, Abhishek and Vedantam, Ramakrishna and Parikh, Devi and Batra, Dhruv},
  booktitle={Proceedings of the IEEE International Conference on Computer Vision (ICCV)},
  pages={618--626},
  year={2017}
}

@inproceedings{lundberg2017unified,
  title={A Unified Approach to Interpreting Model Predictions},
  author={Lundberg, Scott M. and Lee, Su-In},
  booktitle={Advances in Neural Information Processing Systems (NeurIPS)},
  pages={4765--4774},
  year={2017}
}

@inproceedings{sundararajan2017axiomatic,
  title={Axiomatic Attribution for Deep Networks},
  author={Sundararajan, Mukund and Taly, Ankur and Yan, Qiqi},
  booktitle={Proceedings of the International Conference on Machine Learning (ICML)},
  pages={3319--3328},
  year={2017}
}

@article{hill2020wrongful,
  title={Wrongful Arrest Shows Limits of Police Use of Facial Recognition},
  author={Hill, Kashmir},
  journal={The New York Times},
  year={2020},
  month={June},
  day={24},
  note={Available at: \url{https://www.nytimes.com/2020/06/24/technology/facial-recognition-arrest.html}}
}

@article{hill2023pregnant,
  title={Pregnant Woman Arrested Due to False Facial Recognition Match},
  author={Hill, Kashmir},
  journal={Detroit Free Press},
  year={2023},
  month={February},
  day={9}
}

@article{parks2019wrongful,
  title={Wrongful Arrest in New Jersey Due to Facial Recognition},
  author={Parks, Nijeer},
  journal={ACLU Case Report},
  year={2019},
  note={Available at: \url{https://www.aclu.org}}
}

@article{popper1959logic,
  title={The Logic of Scientific Discovery},
  author={Popper, Karl R.},
  year={1959},
  publisher={Basic Books},
  address={New York}
}

@misc{daubert1993,
  title={Daubert v. Merrell Dow Pharmaceuticals, Inc.},
  howpublished={509 U.S. 579},
  year={1993},
  note={U.S. Supreme Court case establishing standards for expert testimony}
}

@inproceedings{adebayo2018sanity,
  title={Sanity Checks for Saliency Maps},
  author={Adebayo, Julius and Gilmer, Justin and Muelly, Michael and Goodfellow, Ian and Hardt, Moritz and Kim, Been},
  booktitle={Advances in Neural Information Processing Systems (NeurIPS)},
  pages={9505--9515},
  year={2018}
}

@inproceedings{petsiuk2018rise,
  title={RISE: Randomized Input Sampling for Explanation of Black-box Models},
  author={Petsiuk, Vitali and Das, Abir and Saenko, Kate},
  booktitle={Proceedings of the British Machine Vision Conference (BMVC)},
  pages={151},
  year={2018}
}

@inproceedings{hooker2019benchmark,
  title={A Benchmark for Interpretability Methods in Deep Neural Networks},
  author={Hooker, Sara and Erhan, Dumitru and Kindermans, Pieter-Jan and Kim, Been},
  booktitle={Advances in Neural Information Processing Systems (NeurIPS)},
  pages={9737--9748},
  year={2019}
}

@inproceedings{zhou2022attribution,
  title={Do Feature Attribution Methods Correctly Attribute Features?},
  author={Zhou, Yilun and Booth, Serena and Ribeiro, Marco Tulio and Shah, Julie},
  booktitle={Proceedings of the AAAI Conference on Artificial Intelligence},
  volume={36},
  pages={9623--9631},
  year={2022}
}

@article{wachter2017counterfactual,
  title={Counterfactual Explanations Without Opening the Black Box: Automated Decisions and the GDPR},
  author={Wachter, Sandra and Mittelstadt, Brent and Russell, Chris},
  journal={Harvard Journal of Law \& Technology},
  volume={31},
  number={2},
  pages={841--887},
  year={2017}
}

@inproceedings{kenny2021plausible,
  title={On Generating Plausible Counterfactual and Semi-Factual Explanations for Deep Learning},
  author={Kenny, Eoin M. and Keane, Mark T.},
  booktitle={Proceedings of the AAAI Conference on Artificial Intelligence},
  volume={35},
  pages={11575--11585},
  year={2021}
}

@inproceedings{goyal2019counterfactual,
  title={Counterfactual Visual Explanations},
  author={Goyal, Yash and Wu, Ziyan and Ernst, Jan and Batra, Dhruv and Parikh, Devi and Lee, Stefan},
  booktitle={Proceedings of the International Conference on Machine Learning (ICML)},
  pages={2376--2384},
  year={2019}
}

@article{hoeffding1963probability,
  title={Probability Inequalities for Sums of Bounded Random Variables},
  author={Hoeffding, Wassily},
  journal={Journal of the American Statistical Association},
  volume={58},
  number={301},
  pages={13--30},
  year={1963}
}

@inproceedings{lin2021xcos,
  title={xCos: An Explainable Cosine Metric for Face Verification Task},
  author={Lin, Mei and Ji, Rongrong and Sun, Xiaoshuai and Chen, Baochang and Tao, Dacheng},
  booktitle={Proceedings of the IEEE/CVF Conference on Computer Vision and Pattern Recognition (CVPR)},
  pages={8312--8321},
  year={2021}
}

@inproceedings{vedaldi2008quick,
  title={Quick Shift and Kernel Methods for Mode Seeking},
  author={Vedaldi, Andrea and Soatto, Stefano},
  booktitle={Proceedings of the European Conference on Computer Vision (ECCV)},
  pages={705--718},
  year={2008}
}

@inproceedings{mothilal2020diverse,
  title={Explaining Machine Learning Classifiers through Diverse Counterfactual Explanations},
  author={Mothilal, Ramaravind K. and Sharma, Amit and Tan, Chenhao},
  booktitle={Proceedings of the ACM Conference on Fairness, Accountability, and Transparency},
  pages={607--617},
  year={2020}
}

@inproceedings{joshi2019towards,
  title={Towards Realistic Individual Recourse and Actionable Explanations in Black-Box Decision Making Systems},
  author={Joshi, Shalmali and Koyejo, Oluwasanmi and Vijitbenjaronk, Warut and Kim, Been and Ghosh, Joydeep},
  booktitle={ICML Workshop on Human in the Loop Learning},
  year={2019}
}

@inproceedings{russell2019efficient,
  title={Efficient Search for Diverse Coherent Explanations},
  author={Russell, Chris},
  booktitle={Proceedings of the ACM Conference on Fairness, Accountability, and Transparency},
  pages={20--28},
  year={2019}
}

@article{zhang2018perceptual,
  title={The Unreasonable Effectiveness of Deep Features as a Perceptual Metric},
  author={Zhang, Richard and Isola, Phillip and Efros, Alexei A. and Shechtman, Eli and Wang, Oliver},
  journal={Proceedings of the IEEE Conference on Computer Vision and Pattern Recognition (CVPR)},
  pages={586--595},
  year={2018}
}
