% Bibliography for Article B: Operational Protocol and Pre-Registered Thresholds
% IEEE T-IFS Format

% Legal Cases and Statutes
@misc{williams2020case,
  author = {{ACLU Michigan}},
  title = {Wrongful Arrest of {Robert Williams}},
  year = {2020},
  note = {Detroit Police Department facial recognition misidentification},
  url = {https://www.aclu.org/news/privacy-technology/wrongfully-arrested-because-face-recognition-cant-tell-black-people-apart}
}

@misc{woodruff2023case,
  author = {{New York Times}},
  title = {{Porcha Woodruff} Wrongful Arrest via Facial Recognition},
  year = {2023},
  note = {Detroit case, pregnant woman arrested due to FR error}
}

@misc{parks2019case,
  author = {{NPR}},
  title = {{Nijeer Parks} Wrongful Arrest},
  year = {2019},
  note = {New Jersey case, 10 days jail due to facial recognition error}
}

@misc{daubert1993,
  title = {{Daubert v. Merrell Dow Pharmaceuticals, Inc.}},
  author = {{U.S. Supreme Court}},
  year = {1993},
  note = {509 U.S. 579, establishing scientific evidence admissibility standards}
}

@misc{euaiact2024,
  author = {{European Parliament and Council}},
  title = {Regulation (EU) 2024/1689 on Artificial Intelligence ({AI Act})},
  year = {2024},
  note = {Official Journal of the European Union, L 2024/1689}
}

@misc{gdpr2016,
  author = {{European Parliament and Council}},
  title = {General Data Protection Regulation ({GDPR})},
  year = {2016},
  note = {Regulation (EU) 2016/679}
}

% XAI Methods
@inproceedings{selvaraju2017grad,
  author = {Selvaraju, Ramprasaath R. and Cogswell, Michael and Das, Abhishek and Vedantam, Ramakrishna and Parikh, Devi and Batra, Dhruv},
  title = {Grad-{CAM}: Visual Explanations from Deep Networks via Gradient-Based Localization},
  booktitle = {IEEE International Conference on Computer Vision (ICCV)},
  year = {2017},
  pages = {618--626}
}

@inproceedings{lundberg2017shap,
  author = {Lundberg, Scott M. and Lee, Su-In},
  title = {A Unified Approach to Interpreting Model Predictions},
  booktitle = {Advances in Neural Information Processing Systems (NeurIPS)},
  year = {2017},
  pages = {4765--4774}
}

@inproceedings{ribeiro2016lime,
  author = {Ribeiro, Marco Tulio and Singh, Sameer and Guestrin, Carlos},
  title = {``Why Should {I} Trust You?'' Explaining the Predictions of Any Classifier},
  booktitle = {ACM SIGKDD Conference on Knowledge Discovery and Data Mining},
  year = {2016},
  pages = {1135--1144}
}

@inproceedings{sundararajan2017axiomatic,
  author = {Sundararajan, Mukund and Taly, Ankur and Yan, Qiqi},
  title = {Axiomatic Attribution for Deep Networks},
  booktitle = {International Conference on Machine Learning (ICML)},
  year = {2017},
  pages = {3319--3328}
}

% Face Verification Models
@inproceedings{deng2019arcface,
  author = {Deng, Jiankang and Guo, Jia and Xue, Niannan and Zafeiriou, Stefanos},
  title = {{ArcFace}: Additive Angular Margin Loss for Deep Face Recognition},
  booktitle = {IEEE Conference on Computer Vision and Pattern Recognition (CVPR)},
  year = {2019},
  pages = {4690--4699}
}

@inproceedings{wang2018cosface,
  author = {Wang, Hao and Wang, Yitong and Zhou, Zheng and Ji, Xing and Gong, Dihong and Zhou, Jingchao and Li, Zhifeng and Liu, Wei},
  title = {{CosFace}: Large Margin Cosine Loss for Deep Face Recognition},
  booktitle = {IEEE Conference on Computer Vision and Pattern Recognition (CVPR)},
  year = {2018},
  pages = {5265--5274}
}

% XAI Evaluation
@inproceedings{petsiuk2018rise,
  author = {Petsiuk, Vitali and Das, Abir and Saenko, Kate},
  title = {{RISE}: Randomized Input Sampling for Explanation of Black-box Models},
  booktitle = {British Machine Vision Conference (BMVC)},
  year = {2018}
}

@inproceedings{zhou2016learning,
  author = {Zhou, Bolei and Khosla, Aditya and Lapedriza, Agata and Oliva, Aude and Torralba, Antonio},
  title = {Learning Deep Features for Discriminative Localization},
  booktitle = {IEEE Conference on Computer Vision and Pattern Recognition (CVPR)},
  year = {2016},
  pages = {2921--2929}
}

@inproceedings{adebayo2018sanity,
  author = {Adebayo, Julius and Gilmer, Justin and Muelly, Michael and Goodfellow, Ian and Hardt, Moritz and Kim, Been},
  title = {Sanity Checks for Saliency Maps},
  booktitle = {Advances in Neural Information Processing Systems (NeurIPS)},
  year = {2018},
  pages = {9505--9515}
}

% Perceptual Metrics
@inproceedings{zhang2018perceptual,
  author = {Zhang, Richard and Isola, Phillip and Efros, Alexei A. and Shechtman, Eli and Wang, Oliver},
  title = {The Unreasonable Effectiveness of Deep Features as a Perceptual Metric},
  booktitle = {IEEE Conference on Computer Vision and Pattern Recognition (CVPR)},
  year = {2018},
  pages = {586--595}
}

@inproceedings{heusel2017fid,
  author = {Heusel, Martin and Ramsauer, Hubert and Unterthiner, Thomas and Nessler, Bernhard and Hochreiter, Sepp},
  title = {{GANs} Trained by a Two Time-Scale Update Rule Converge to a Local {Nash} Equilibrium},
  booktitle = {Advances in Neural Information Processing Systems (NeurIPS)},
  year = {2017},
  pages = {6626--6637}
}

@inproceedings{karras2020analyzing,
  author = {Karras, Tero and Laine, Samuli and Aittala, Miika and Hellsten, Janne and Lehtinen, Jaakko and Aila, Timo},
  title = {Analyzing and Improving the Image Quality of {StyleGAN}},
  booktitle = {IEEE Conference on Computer Vision and Pattern Recognition (CVPR)},
  year = {2020},
  pages = {8110--8119}
}

% Statistical Methods
@article{koo2016reliability,
  author = {Koo, Terry K. and Li, Mae Y.},
  title = {A Guideline of Selecting and Reporting Intraclass Correlation Coefficients for Reliability Research},
  journal = {Journal of Chiropractic Medicine},
  year = {2016},
  volume = {15},
  number = {2},
  pages = {155--163}
}

@book{cohen1988statistical,
  author = {Cohen, Jacob},
  title = {Statistical Power Analysis for the Behavioral Sciences},
  publisher = {Lawrence Erlbaum Associates},
  year = {1988},
  edition = {2nd}
}

@article{benjamini1995controlling,
  author = {Benjamini, Yoav and Hochberg, Yosef},
  title = {Controlling the False Discovery Rate: A Practical and Powerful Approach to Multiple Testing},
  journal = {Journal of the Royal Statistical Society: Series B},
  year = {1995},
  volume = {57},
  number = {1},
  pages = {289--300}
}

% Pre-Registration
@article{nosek2018preregistration,
  author = {Nosek, Brian A. and Ebersole, Charles R. and DeHaven, Alexander C. and Mellor, David T.},
  title = {The Preregistration Revolution},
  journal = {Proceedings of the National Academy of Sciences},
  year = {2018},
  volume = {115},
  number = {11},
  pages = {2600--2606}
}

% Legal and Policy
@article{wachter2017right,
  author = {Wachter, Sandra and Mittelstadt, Brent and Floridi, Luciano},
  title = {Why a Right to Explanation of Automated Decision-Making Does Not Exist in the {General Data Protection Regulation}},
  journal = {International Data Privacy Law},
  year = {2017},
  volume = {7},
  number = {2},
  pages = {76--99}
}

@article{selbst2017meaningful,
  author = {Selbst, Andrew D. and Powles, Julia},
  title = {Meaningful Information and the Right to Explanation},
  journal = {International Data Privacy Law},
  year = {2017},
  volume = {7},
  number = {4},
  pages = {233--242}
}

% Forensic Science
@book{nrc2009forensics,
  author = {{National Research Council}},
  title = {Strengthening Forensic Science in the United States: A Path Forward},
  publisher = {National Academies Press},
  year = {2009}
}

% Philosophy of Science
@book{popper1959logic,
  author = {Popper, Karl R.},
  title = {The Logic of Scientific Discovery},
  publisher = {Hutchinson},
  year = {1959}
}

% Clinical Statistics
@book{steyerberg2009clinical,
  author = {Steyerberg, Ewout W.},
  title = {Clinical Prediction Models: A Practical Approach to Development, Validation, and Updating},
  publisher = {Springer},
  year = {2009}
}

@book{vovk2005algorithmic,
  author = {Vovk, Vladimir and Gammerman, Alex and Shafer, Glenn},
  title = {Algorithmic Learning in a Random World},
  publisher = {Springer},
  year = {2005}
}

% Methodology
@book{shadish2002experimental,
  author = {Shadish, William R. and Cook, Thomas D. and Campbell, Donald T.},
  title = {Experimental and Quasi-Experimental Designs for Generalized Causal Inference},
  publisher = {Houghton Mifflin},
  year = {2002}
}

% Datasets
@inproceedings{maze2018iarpa,
  author = {Maze, Brianna and Adams, Jocelyn and Duncan, James A. and Kalka, Nathan and Miller, Tim and Otto, Charles and Jain, Anil K. and Niggel, W. Tyler and Anderson, Janet and Cheney, Jordan and Grother, Patrick},
  title = {{IARPA Janus Benchmark-C}: Face Dataset and Protocol},
  booktitle = {International Conference on Biometrics (ICB)},
  year = {2018},
  pages = {158--165}
}

@inproceedings{grgic2011scface,
  author = {Grgic, Mislav and Delac, Kresimir and Grgic, Sonja},
  title = {{SCface} -- Surveillance Cameras Face Database},
  journal = {Multimedia Tools and Applications},
  year = {2011},
  volume = {51},
  number = {3},
  pages = {863--879}
}

@inproceedings{wang2019racial,
  author = {Wang, Mei and Deng, Weihong},
  title = {Mitigating Bias in Face Recognition Using Skewness-Aware Reinforcement Learning},
  booktitle = {IEEE Conference on Computer Vision and Pattern Recognition (CVPR)},
  year = {2019},
  pages = {9322--9331}
}

% Fairness
@inproceedings{buolamwini2018gender,
  author = {Buolamwini, Joy and Gebru, Timnit},
  title = {Gender Shades: Intersectional Accuracy Disparities in Commercial Gender Classification},
  booktitle = {ACM Conference on Fairness, Accountability, and Transparency (FAT*)},
  year = {2018},
  pages = {77--91}
}

% Tools
@inproceedings{kokhlikyan2020captum,
  author = {Kokhlikyan, Narine and Miglani, Vivek and Martin, Miguel and Wang, Edward and Alsallakh, Bilal and Reynolds, Jonathan and Melnikov, Alexander and Kliushkina, Natalia and Araya, Carlos and Yan, Siqi and Reblitz-Richardson, Orion},
  title = {{Captum}: A Unified and Generic Model Interpretability Library for {PyTorch}},
  booktitle = {arXiv preprint arXiv:2009.07896},
  year = {2020}
}

@inproceedings{vedaldi2008quick,
  author = {Vedaldi, Andrea and Soatto, Stefano},
  title = {Quick Shift and Kernel Methods for Mode Seeking},
  booktitle = {European Conference on Computer Vision (ECCV)},
  year = {2008},
  pages = {705--718}
}

% Data Leakage
@article{kaufman2012leakage,
  author = {Kaufman, Shachar and Rosset, Saharon and Perlich, Claudia and Stitelman, Ori},
  title = {Leakage in Data Mining: Formulation, Detection, and Avoidance},
  journal = {ACM Transactions on Knowledge Discovery from Data},
  year = {2012},
  volume = {6},
  number = {4},
  pages = {15:1--15:21}
}

% Inter-rater Reliability
@article{fleiss1971measuring,
  author = {Fleiss, Joseph L.},
  title = {Measuring Nominal Scale Agreement Among Many Raters},
  journal = {Psychological Bulletin},
  year = {1971},
  volume = {76},
  number = {5},
  pages = {378--382}
}

% GAN Inversion
@inproceedings{abdal2019image2stylegan,
  author = {Abdal, Rameen and Qin, Yipeng and Wonka, Peter},
  title = {Image2{StyleGAN}: How to Embed Images Into the {StyleGAN} Latent Space?},
  booktitle = {IEEE International Conference on Computer Vision (ICCV)},
  year = {2019},
  pages = {4432--4441}
}
