% Legal Citations
@misc{euaiact2024,
  title = {{Regulation (EU) 2024/1689 of the European Parliament and of the Council on Artificial Intelligence (AI Act)}},
  author = {{European Union}},
  year = {2024},
  howpublished = {Official Journal of the European Union},
  note = {OJ L, 2024/1689}
}

@misc{gdpr2016,
  title = {{Regulation (EU) 2016/679 of the European Parliament and of the Council (General Data Protection Regulation)}},
  author = {{European Union}},
  year = {2016},
  howpublished = {Official Journal of the European Union},
  note = {OJ L 119, 4.5.2016}
}

@misc{daubert1993,
  title = {{Daubert v. Merrell Dow Pharmaceuticals, Inc.}},
  author = {{Supreme Court of the United States}},
  year = {1993},
  howpublished = {509 U.S. 579},
  note = {Case No. 92-102}
}

@misc{fre702,
  title = {{Federal Rules of Evidence, Rule 702: Testimony by Expert Witnesses}},
  author = {{Federal Rules of Evidence}},
  year = {2011},
  howpublished = {28 U.S.C.}
}

% Forensic Science Reports
@book{nrc2009,
  title = {Strengthening Forensic Science in the United States: A Path Forward},
  author = {{National Research Council}},
  publisher = {National Academies Press},
  year = {2009},
  address = {Washington, DC},
  isbn = {978-0-309-13135-3}
}

% Wrongful Arrest Cases (News Reports)
@misc{hill2020williams,
  title = {Wrongfully Accused by an Algorithm},
  author = {Hill, Kashmir},
  year = {2020},
  month = {June},
  howpublished = {The New York Times},
  note = {Retrieved from https://www.nytimes.com}
}

@misc{hill2023oliver,
  title = {Another Arrest, and Jail Time, Due to a Bad Facial Recognition Match},
  author = {Hill, Kashmir},
  year = {2023},
  month = {August},
  howpublished = {The New York Times},
  note = {Retrieved from https://www.nytimes.com}
}

% XAI Methods
@inproceedings{selvaraju2017gradcam,
  title = {Grad-{CAM}: Visual Explanations from Deep Networks via Gradient-Based Localization},
  author = {Selvaraju, Ramprasaath R. and Cogswell, Michael and Das, Abhishek and Vedantam, Ramakrishna and Parikh, Devi and Batra, Dhruv},
  booktitle = {Proceedings of the IEEE International Conference on Computer Vision (ICCV)},
  year = {2017},
  pages = {618--626}
}

@inproceedings{lundberg2017shap,
  title = {A Unified Approach to Interpreting Model Predictions},
  author = {Lundberg, Scott M. and Lee, Su-In},
  booktitle = {Advances in Neural Information Processing Systems (NeurIPS)},
  year = {2017},
  pages = {4765--4774}
}

@inproceedings{sundararajan2017ig,
  title = {Axiomatic Attribution for Deep Networks},
  author = {Sundararajan, Mukund and Taly, Ankur and Yan, Qiqi},
  booktitle = {Proceedings of the International Conference on Machine Learning (ICML)},
  year = {2017},
  pages = {3319--3328}
}

% XAI Evaluation and Validation
@inproceedings{adebayo2018sanity,
  title = {Sanity Checks for Saliency Maps},
  author = {Adebayo, Julius and Gilmer, Justin and Muelly, Michael and Goodfellow, Ian and Hardt, Moritz and Kim, Been},
  booktitle = {Advances in Neural Information Processing Systems (NeurIPS)},
  year = {2018},
  pages = {9505--9515}
}

@article{wachter2017counterfactual,
  title = {Counterfactual Explanations Without Opening the Black Box: Automated Decisions and the {GDPR}},
  author = {Wachter, Sandra and Mittelstadt, Brent and Russell, Chris},
  journal = {Harvard Journal of Law \& Technology},
  volume = {31},
  number = {2},
  pages = {841--887},
  year = {2017}
}

% Face Recognition Systems
@inproceedings{deng2019arcface,
  title = {{ArcFace}: Additive Angular Margin Loss for Deep Face Recognition},
  author = {Deng, Jiankang and Guo, Jia and Xue, Niannan and Zafeiriou, Stefanos},
  booktitle = {Proceedings of the IEEE Conference on Computer Vision and Pattern Recognition (CVPR)},
  year = {2019},
  pages = {4690--4699}
}

@techreport{grother2019frvt,
  title = {Face Recognition Vendor Test ({FRVT}) Part 3: Demographic Effects},
  author = {Grother, Patrick and Ngan, Mei and Hanaoka, Kayee},
  institution = {National Institute of Standards and Technology (NIST)},
  year = {2019},
  number = {NIST IR 8280},
  address = {Gaithersburg, MD}
}

@misc{lfwdataset,
  title = {Labeled Faces in the Wild: A Database for Studying Face Recognition in Unconstrained Environments},
  author = {Huang, Gary B. and Ramesh, Manu and Berg, Tamara and Learned-Miller, Erik},
  year = {2007},
  howpublished = {University of Massachusetts, Amherst, Technical Report 07-49}
}

% Legal Scholarship on Algorithmic Accountability
@article{selbst2018intuitive,
  title = {The Intuitive Appeal of Explainable Machines},
  author = {Selbst, Andrew D. and Barocas, Solon},
  journal = {Fordham Law Review},
  volume = {87},
  number = {3},
  pages = {1085--1139},
  year = {2018}
}

@article{kaminski2019right,
  title = {The Right to Explanation, Explained},
  author = {Kaminski, Margot E.},
  journal = {Berkeley Technology Law Journal},
  volume = {34},
  number = {1},
  pages = {189--218},
  year = {2019}
}

% Statistical Methods
@article{cohen1988statistical,
  title = {Statistical Power Analysis for the Behavioral Sciences},
  author = {Cohen, Jacob},
  journal = {Lawrence Erlbaum Associates},
  year = {1988},
  edition = {2nd}
}

@article{vovk2005conformal,
  title = {Algorithmic Learning in a Random World},
  author = {Vovk, Vladimir and Gammerman, Alex and Shafer, Glenn},
  year = {2005},
  publisher = {Springer},
  address = {New York}
}

% Medical Device Regulation (Precedent for AI Oversight)
@misc{mdr2017,
  title = {{Regulation (EU) 2017/745 of the European Parliament and of the Council on Medical Devices}},
  author = {{European Union}},
  year = {2017},
  howpublished = {Official Journal of the European Union},
  note = {OJ L 117, 5.5.2017}
}

% Counterfactual Generation Methods
@inproceedings{karras2020stylegan2,
  title = {Analyzing and Improving the Image Quality of {StyleGAN}},
  author = {Karras, Tero and Laine, Samuli and Aittala, Miika and Hellsten, Janne and Lehtinen, Jaakko and Aila, Timo},
  booktitle = {Proceedings of the IEEE Conference on Computer Vision and Pattern Recognition (CVPR)},
  year = {2020},
  pages = {8110--8119}
}

@article{zhang2018perceptual,
  title = {The Unreasonable Effectiveness of Deep Features as a Perceptual Metric},
  author = {Zhang, Richard and Isola, Phillip and Efros, Alexei A. and Shechtman, Eli and Wang, Oliver},
  journal = {Proceedings of the IEEE Conference on Computer Vision and Pattern Recognition (CVPR)},
  year = {2018},
  pages = {586--595}
}

% XAI Faithfulness Studies
@inproceedings{kindermans2019reliability,
  title = {The (Un)reliability of Saliency Methods},
  author = {Kindermans, Pieter-Jan and Hooker, Sara and Adebayo, Julius and Alber, Maximilian and Sch{\"u}tt, Kristof T. and D{\"a}hne, Sven and Erhan, Dumitru and Kim, Been},
  booktitle = {Explainable AI: Interpreting, Explaining and Visualizing Deep Learning},
  year = {2019},
  pages = {267--280},
  publisher = {Springer}
}

% Forensic Science Standards
@techreport{swgde2019,
  title = {Best Practices for Forensic Image Analysis},
  author = {{Scientific Working Group on Digital Evidence}},
  year = {2019},
  institution = {SWGDE},
  note = {Version 2.0}
}

@article{cole2009individualization,
  title = {Forensic Culture as Epistemic Culture: The Sociology of Forensic Science},
  author = {Cole, Simon A.},
  journal = {Studies in History and Philosophy of Biological and Biomedical Sciences},
  volume = {44},
  number = {1},
  pages = {36--46},
  year = {2013}
}
